%1
@manual{onroad-assistance,
    title  = {On Road Vehicle Breakdown Assitance (ORVBA) Finder Project},
    author = {CodeShoppy},
    url    = {https://codeshoppy.com/shop/product/on-road-vehicle-breakdown-assistance-app/},
    year={2021}
    }
%2
@manual{carfax,
    title  ={CARFAX- Car Care},
    author = {APKPure},
    url    = {https://m.apkpure.com/carfax-car-care/com.carfax.mycarfax},
    year={2019}
    }
%3
@manual{reapirpal,
    title  = {RepairPal},
    author = {Crunchbase},
    url    = {https://www.crunchbase.com/organization/repairpal},
    year={2021}
    }
%4
@BOOK{DUMMY:1,
    TITLE={Software Engineering-A Practitioner's Approach},
	AUTHOR={Roger S.Pressman, Bruce R. Maxim},
	PUBLISHER={McGrawHill},
	YEAR={2015}
	}
%5
@BOOK{johnston1998requirements,
  title={Requirements Engineering: A Good Practice Guide},
  author={ Ian Sommerville,Pete Sawyer},
  publisher={Wiley},
  year={1997}
}
%6
@BOOK{usecases,
  title={Writing Effective Use Cases},
  author={Alistair Cockburn},
  publisher={Wesley},
  year={2001}
}
%7
@BOOK{archi,
  title={An Architecture for Structuring Complex Web Applications},
  author={Jacyntho,D. Schwabe and G. Rossi},
  year={2002}
}
